<?xml version="1.0" encoding="UTF-8"?><record xmlns="http://www.loc.gov/MARC21/slim" xmlns:cinclude="http://apache.org/cocoon/include/1.0" xmlns:zs="http://www.loc.gov/zing/srw/">
  <leader>00444cz  a2200121n  4500</leader>
  <controlfield tag="001">n 2009010569</controlfield>
  <controlfield tag="003">DLC</controlfield>
  <controlfield tag="005">20090220081407.0</controlfield>
  <controlfield tag="008">090219n| acannaabn          |n ana      </controlfield>
  <datafield tag="010" ind1=" " ind2=" ">
    <subfield code="a">n 2009010569</subfield>
  </datafield>
  <datafield tag="040" ind1=" " ind2=" ">
    <subfield code="a">DLC</subfield>
    <subfield code="b">eng</subfield>
    <subfield code="c">DLC</subfield>
  </datafield>
  <datafield tag="110" ind1="2" ind2=" ">
    <subfield code="a">Institute of Transportation Engineers.</subfield>
    <subfield code="b">Transportation Safety Council</subfield>
  </datafield>
  <datafield tag="670" ind1=" " ind2=" ">
    <subfield code="a">Enhancing intersection safety at roundabouts, 2009:</subfield>
    <subfield code="b">ECIP t.p. (Institute of Transportation Engineers, Transportation Safety Council)</subfield>
  </datafield>
</record>